@ARTICLE{murthy21,
       author = {{Murthy}, Suma and {Morganti}, Raffaella and {Oosterloo}, Tom and {Maccagni}, Filippo M.},
        title = "{The H I absorption zoo: JVLA extension to z {\ensuremath{\sim}} 0.4}",
      journal = {\aap},
     keywords = {galaxies: active, galaxies: ISM, radio lines: galaxies, Astrophysics - Astrophysics of Galaxies},
         year = 2021,
        month = oct,
       volume = {654},
          eid = {A94},
        pages = {A94},
          doi = {10.1051/0004-6361/202141566},
archivePrefix = {arXiv},
       eprint = {2108.08122},
 primaryClass = {astro-ph.GA},
       adsurl = {https://ui.adsabs.harvard.edu/abs/2021A&A...654A..94M},
      adsnote = {Provided by the SAO/NASA Astrophysics Data System}
}
