@techreport{boresightavoidancereport,
    author = {ECC},
    title = {Aggregated interference from satellite systems into radio astronomy service},
    institution = {CEPT},
    year = 2025
}

@misc{offringa2010lofarrfidetectionpipeline,
      title={A LOFAR RFI detection pipeline and its first results}, 
      author={A. R. Offringa and A. G. de Bruyn and S. Zaroubi and M. Biehl},
      year={2010},
      eprint={1007.2089},
      archivePrefix={arXiv},
      primaryClass={astro-ph.IM},
      url={https://arxiv.org/abs/1007.2089, https://aoflagger.readthedocs.io}, 
}

@inproceedings{sclocco2019real,
  title={Real-time rfi mitigation for the apertif radio transient system},
  author={Sclocco, Alessio and Vohl, Dany and van Nieuwpoort, Rob V},
  booktitle={2019 RFI Workshop-Coexisting with Radio Frequency Interference (RFI)},
  pages={1--8},
  year={2019},
  organization={IEEE}
}

@article{nita2016eovsa,
  title={EOVSA implementation of a spectral kurtosis correlator for transient detection and classification},
  author={Nita, Gelu M and Hickish, Jack and MacMahon, David and Gary, Dale E},
  journal={Journal of Astronomical Instrumentation},
  volume={5},
  number={04},
  pages={1641009},
  year={2016},
  publisher={World Scientific}
}

@inproceedings{zou2022scisrs,
  title={Scisrs: Signal cancellation using intelligent surfaces for radio astronomy services},
  author={Zou, Zhibin and Wei, Xue and Saha, Dola and Dutta, Aveek and Hellbourg, Gregory},
  booktitle={GLOBECOM 2022-2022 IEEE Global Communications Conference},
  pages={4238--4243},
  year={2022},
  organization={IEEE}
}

@inproceedings{wei2024ris,
  title={RIS for Signal Cancellation in 3D},
  author={Wei, Xue and Gupta, Anushka and Dutta, Aveek and Saha, Dola and Hellbourg, Gregory},
  booktitle={2024 IEEE International Symposium on Dynamic Spectrum Access Networks (DySPAN)},
  pages={412--419},
  year={2024},
  organization={IEEE}
}

@inproceedings{wei2023multistage,
  title={Multistage 2D DoA Estimation in Low SNR},
  author={Wei, Xue and Saha, Dola and Hellbourg, Gregory and Dutta, Aveek},
  booktitle={ICC 2023-IEEE International Conference on Communications},
  pages={2785--2790},
  year={2023},
  organization={IEEE}
}

@article{ellingson2022coherent,
  title={Coherent time-domain canceling of interference for radio astronomy},
  author={Ellingson, SW and Buehrer, RM},
  journal={Publications of the Astronomical Society of the Pacific},
  volume={134},
  number={1041},
  pages={114505},
  year={2022},
  publisher={IOP Publishing}
}

@INPROCEEDINGS{10464448,
  author={Sekhar, Srikrishna},
  booktitle={2024 United States National Committee of URSI National Radio Science Meeting (USNC-URSI NRSM)}, 
  title={GRIDflag : A UV Plane Flagging Algorithm for High Fidelity Interferometric Imaging}, 
  year={2024},
  volume={},
  number={},
  pages={278-278},
  keywords={Satellite broadcasting;Imaging;Radio interferometry;Communications technology;Radiofrequency interference;Electric motors},
  doi={10.23919/USNC-URSINRSM60317.2024.10464448}}

@inproceedings{hellbourg2016spatial,
  title={Spatial filtering experiment with the askap beta array},
  author={Hellbourg, Gregory and Bannister, Keith and HotarP, Aidan},
  booktitle={2016 Radio Frequency Interference (RFI)},
  pages={37--42},
  year={2016},
  organization={IEEE}
}

@phdthesis{hellbourg2014radio,
  title={Radio Frequency Interference spatial processing for modern radio telescopes},
  author={Hellbourg, Gr{\'e}gory},
  year={2014},
  school={Universit{\'e} d'Orl{\'e}ans}
}

@inproceedings{hellbourg2014rfi,
  title={RFI spatial processing at nancay observatory: Approaches and experiments},
  author={Hellbourg, Gregory and Weber, Rodolphe and Abed-Meraim, Karim and Boonstra, Albert-Jan},
  booktitle={2014 IEEE International Conference on Acoustics, Speech and Signal Processing (ICASSP)},
  pages={5387--5391},
  year={2014},
  organization={IEEE}
}

@article{sardarabadi2015spatial,
  title={Spatial filtering of RF interference in radio astronomy using a reference antenna array},
  author={Sardarabadi, Ahmad Mouri and van der Veen, Alle-Jan and Boonstra, Albert-Jan},
  journal={IEEE Transactions on Signal Processing},
  volume={64},
  number={2},
  pages={432--447},
  year={2015},
  publisher={IEEE}
}

@inproceedings{hellbourg2014reference,
  title={Reference antenna-based subspace tracking for RFI mitigation in radio astronomy},
  author={Hellbourg, Gregory and Chippendale, AP and Kesteven, Michael J and Jeffs, Brian D},
  booktitle={2014 IEEE Global Conference on Signal and Information Processing (GlobalSIP)},
  pages={1286--1290},
  year={2014},
  organization={IEEE}
}

@article{chakraborty2023collaboration,
  title={Collaboration with Cellular Networks for RFI Cancellation at Radio Telescope},
  author={Chakraborty, Shuvam and Hellbourg, Gregory and Careem, Maqsood and Saha, Dola and Dutta, Aveek},
  journal={IEEE Transactions on Cognitive Communications and Networking},
  volume={9},
  number={3},
  pages={765--778},
  year={2023},
  publisher={IEEE}
}

@inproceedings{chakraborty2024low,
  title={Low Overhead Multi-Source RFI Cancellation},
  author={Chakraborty, Shuvam and Saha, Dola and Dutta, Aveek and Hellbourg, Gregory},
  booktitle={2024 IEEE International Symposium on Dynamic Spectrum Access Networks (DySPAN)},
  pages={393--401},
  year={2024},
  organization={IEEE}
}

@INPROCEEDINGS{9111666,
  author={Harrison, Stephen and Coles, Rory and Robishaw, Timothy and Del Rizzo, David},
  booktitle={2019 RFI Workshop - Coexisting with Radio Frequency Interference (RFI)}, 
  title={RFI Novelty Detection using Machine Learning Techniques}, 
  year={2019},
  volume={},
  number={},
  pages={1-6},
  keywords={Radio Frequency Interference;Machine Learning;Clustering;Outlier Detection},
  doi={10.23919/RFI48793.2019.9111666}}

@article{buch2023real,
  title={Real-time RFI filtering for uGMRT: Overview of the released system and relevance to the SKA},
  author={Buch, Kaushal D and Kale, Ruta and Muley, Mekhala and Kudale, Sanjay and Ajithkumar, B},
  journal={Journal of Astrophysics and Astronomy},
  volume={44},
  number={1},
  pages={37},
  year={2023},
  publisher={Springer}
}

@article{buch2014variable,
  title={Variable correlation digital noise source on fpga—a versatile tool for debugging radio telescope backends},
  author={Buch, Kaushal D and Gupta, Yashwant and Ajith Kumar, B},
  journal={Journal of Astronomical Instrumentation},
  volume={3},
  number={03n04},
  pages={1450007},
  year={2014},
  publisher={World Scientific}
}

@article{mondal2025observation,
  title={Observation and Modeling of Small Spatial Structures of Solar Radio Noise Storms Using the uGMRT},
  author={Mondal, Surajit and Zhang, Peijin and Kansabanik, Devojyoti and Oberoi, Divya and Pearce, Gillian},
  journal={Solar Physics},
  volume={300},
  number={8},
  pages={109},
  year={2025},
  publisher={Springer}
}

@article{bhardwaj2025constraining,
  title={Constraining the Nature and Long-term Stability of FRB 20121102A’s Persistent Radio Source},
  author={Bhardwaj, Mohit and Balasubramanian, Arvind and Kaushal, Yasha and Tendulkar, Shriharsh P},
  journal={Publications of the Astronomical Society of the Pacific},
  volume={137},
  number={8},
  pages={084202},
  year={2025},
  publisher={IOP Publishing}
}

@article{kale2025real,
  title={Real-time Broadband RFI Excision for the Upgraded GMRT},
  author={Kale, Ruta and Buch, Kaushal D and Kudale, Sanjay and Muley, Mekhala and others},
  journal={arXiv preprint arXiv:2506.17131},
  year={2025}
}

@techreport{lal2025examining,
  title={Examining the impact of real-time broadband RFI-excision on narrow, bright astronomical signals},
  author={Lal, Banshi and Maan, Yogesh and Bush, KD},
  year={2025},
  institution={NCRA-RIFR}
}

@inproceedings{ford2014rfi,
  title={RFI mitigation techniques in radio astronomy},
  author={Ford, John M and Buch, Kaushal D},
  booktitle={2014 IEEE Geoscience and Remote Sensing Symposium},
  pages={231--234},
  year={2014},
  organization={IEEE}
}


@article{buch2016towards,
  title={Towards real-time impulsive RFI mitigation for radio telescopes},
  author={Buch, Kaushal D and Bhatporia, Shruti and Gupta, Yashwant and Nalawade, Swapnil and Chowdhury, Aditya and Naik, Kishor and Aggarwal, Kshitij and Ajithkumar, B},
  journal={Journal of Astronomical Instrumentation},
  volume={5},
  number={04},
  pages={1641018},
  year={2016},
  publisher={World Scientific}
}

@article{buch2019real,
  title={Real-time Implementation of MAD-based RFI Excision on FPGA},
  author={Buch, Kaushal D and Naik, Kishor and Nalawade, Swapnil and Bhatporia, Shruti and Gupta, Yashwant and Ajithkumar, B},
  journal={Journal of Astronomical Instrumentation},
  volume={8},
  number={01},
  pages={1940006},
  year={2019},
  publisher={World Scientific}
}

@inproceedings{buch2019rfi,
  title={RFI excision in radiometers: A radio astronomy perspective},
  author={Buch, Kaushal D},
  booktitle={IGARSS 2019-2019 IEEE International Geoscience and Remote Sensing Symposium},
  pages={4535--4538},
  year={2019},
  organization={IEEE}
}

@article{hickish2016decade,
  title={A decade of developing radio-astronomy instrumentation using CASPER open-source technology},
  author={Hickish, Jack and Abdurashidova, Zuhra and Ali, Zaki and Buch, Kaushal D and Chaudhari, Sandeep C and Chen, Hong and Dexter, Matthew and Domagalski, Rachel Simone and Ford, John and Foster, Griffin and others},
  journal={Journal of Astronomical Instrumentation},
  volume={5},
  number={04},
  pages={1641001},
  year={2016},
  publisher={World Scientific}
}

@article{buch2019implementing,
  title={Implementing and characterizing real-time broadband RFI excision system for the GMRT wideband backend},
  author={Buch, Kaushal D and Naik, Kishor and Nalawade, Swapnil and Bhatporia, Shruti and Gupta, Yashwant and Ajithkumar, B},
  journal={IETE Technical Review},
  year={2019},
  publisher={Taylor \& Francis}
}

@article{buch2022performance,
  title={Performance Analysis Techniques for Real-Time Broadband RFI Filtering System of uGMRT},
  author={Buch, Kaushal D and Kale, Ruta and Naik, Kishor D and Aragade, Rahul and Muley, Mekhala and Kudale, Sanjay and Ajith Kumar, B},
  journal={Journal of Astronomical Instrumentation},
  volume={11},
  number={02},
  pages={2250008},
  year={2022},
  publisher={World Scientific}
}

@inproceedings{buch2016real,
  title={Real-time RFI excision for the GMRT wideband correlator},
  author={Buch, Kaushal D and Gupta, Yashwant and Bhatporia, Shruti and Nalawade, Swapnil and Naik, Kishor and Ajithkumar, B},
  booktitle={2016 Radio Frequency Interference (RFI)},
  pages={11--15},
  year={2016},
  organization={IEEE}
}

@article{santra2023deep,
  title={A Deep uGMRT view of the ultra steep spectrum radio halo in Abell 521},
  author={Santra, Ramananda and Kale, Ruta and Giacintucci, Simona and Markevitch, Maxim and Luca, Federico De and Bourdin, Herve and Venturi, Tiziana and Dallacasa, Daniele and Cassano, Rossella and Brunetti, Gianfranco and others},
  journal={arXiv preprint arXiv:2311.09717},
  year={2023}
}

@misc{nhan2024spectrumcoexistencedemonstrationeffectiveness,
      title={Toward Spectrum Coexistence: First Demonstration of the Effectiveness of Boresight Avoidance between the NRAO Green Bank Telescope and Starlink Satellites}, 
      author={Bang D. Nhan and Christopher G. De Pree and Matt Iverson and Brenne Gregory and Daniel Dueri and Anthony Beasley and Brian Schepis},
      year={2024},
      eprint={2407.21675},
      archivePrefix={arXiv},
      primaryClass={astro-ph.IM},
      url={https://arxiv.org/abs/2407.21675}, 
}

@article{Winkel_2007,
   title={RFI detection by automated feature extraction and statistical analysis},
   volume={328},
   ISSN={1521-3994},
   url={http://dx.doi.org/10.1002/asna.200610661},
   DOI={10.1002/asna.200610661},
   number={1},
   journal={Astronomische Nachrichten},
   publisher={Wiley},
   author={Winkel, B. and Kerp, J. and Stanko, S.},
   year={2007},
   month=jan, pages={68–79} }


@inproceedings{sureshkumar2016rfi,
  title={RFI characterisation and mitigation at upgraded GMRT},
  author={Sureshkumar, S and Raybole, Pravin Ashok and Rai, Sanjeet and others},
  booktitle={2016 Radio Frequency Interference (RFI)},
  pages={123--126},
  year={2016},
  organization={IEEE}
}


@inproceedings{raybole2016real,
  title={Real time prediction, detection and co-existing with satellite interference at GMRT},
  author={Raybole, Pravin Ashok and Sureshkumar, S and Katore, Santaji and Rai, Sanjeet},
  booktitle={2016 Radio Frequency Interference (RFI)},
  pages={96--99},
  year={2016},
  organization={IEEE}
}

@article{gupta2017upgraded,
  title={The upgraded GMRT: opening new windows on the radio Universe},
  author={Gupta, Yashwant and Ajithkumar, B and Kale, HS and Nayak, S and Sabhapathy, S and Sureshkumar, S and Swami, RV and Chengalur, JN and Ghosh, SK and Ishwara-Chandra, CH and others},
  journal={Current Science},
  pages={707--714},
  year={2017},
  publisher={JSTOR}
}

@article{raireal,
  title={Real time RFI monitoring for Radio Telescope array},
  author={Rai, Sanjeet K and Raybole, Pravin and Prajapati, Ankur and Sureshkumar, S}
}

@inproceedings{lecacheux2013,
  title={Real time prediction, detection and co-existing with satellite interference at GMRT},
  author={Lecacheux, Alain and Dumez–Viou, Cedric and Klein, Karl-Ludwig},
  booktitle={Journées scientifiques},
  pages={73--76},
  year={2013},
  organization={URSI–France}
}

@INPROCEEDINGS{2017pre8.conf..455L,
       author = {{Lamy}, L. and {Zarka}, P. and {Cecconi}, B. and {Klein}, L. and {Masson}, S. and {Denis}, L. and {Coffre}, A. and {Viou}, C.},
        title = "{1977-2017: 40 years of decametric observations of Jupiter and the Sun with the Nancay Decameter Array}",
     keywords = {Radio emissions, Sun, Jupiter, instrumentation, decametric, Nancay, Astrophysics - Solar and Stellar Astrophysics, 85-06},
    booktitle = {Planetary Radio Emissions VIII},
         year = 2017,
       editor = {{Fischer}, G. and {Mann}, G. and {Panchenko}, M. and {Zarka}, P.},
        month = jan,
        pages = {455-466},
          doi = {10.1553/PRE8s455},
archivePrefix = {arXiv},
       eprint = {1709.03821},
 primaryClass = {astro-ph.SR},
       adsurl = {https://ui.adsabs.harvard.edu/abs/2017pre8.conf..455L},
      adsnote = {Provided by the SAO/NASA Astrophysics Data System}
}

@phdthesis{dumezviou:tel-00319939,
  TITLE = {{Restauration de sources radioastronomiques en milieu radio{\'e}lectrique hostile : Implantation de d{\'e}tecteurs temps r{\'e}el sur des spectres dynamiques.}},
  AUTHOR = {Dumez-Viou, Cedric},
  URL = {https://theses.hal.science/tel-00319939},
  SCHOOL = {{Universit{\'e} d'Orl{\'e}ans}},
  YEAR = {2007},
  MONTH = Sep,
  KEYWORDS = {Robust estimation ; Detection ; Hardware Implementation ; Instrumentation ; Radio-Astronomie ; Estimation robuste ; Implantation mat{\'e}rielle ; Radioastronomie},
  TYPE = {Theses},
  PDF = {https://theses.hal.science/tel-00319939v1/file/Cedric_DV.pdf},
  HAL_ID = {tel-00319939},
  HAL_VERSION = {v1},
}

@article{chime_frb_rfi_2023,
doi = {10.3847/1538-4365/acc252},
url = {https://dx.doi.org/10.3847/1538-4365/acc252},
year = {2023},
month = {apr},
publisher = {The American Astronomical Society},
volume = {265},
number = {2},
pages = {62},
author = {Masoud Rafiei-Ravandi and Kendrick M. Smith},
title = {Mitigating Radio Frequency Interference in CHIME/FRB Real-time Intensity Data},
journal = {The Astrophysical Journal Supplement Series}
}

@article{ska_mid_cbf_rfi_2019,
	title = {Novel {RFI} Mitigation Methods in the Square Kilometre Array 1 Mid Correlator Beamformer},
	volume = {08},
	issn = {2251-1717},
	url = {https://www.worldscientific.com/doi/10.1142/S2251171719400117},
	doi = {10.1142/S2251171719400117},
	pages = {1940011},
	number = {1},
	journal = {Journal of Astronomical Instrumentation},
	author = {Gunaratne, Thushara and Carlson, Brent and Comoretto, Gianni},
	urldate = {2022-05-09},
	date = {2019-03},
        year ={2019},
	keywords = {Frequency-slice ({FS}), Radio Frequency Interference ({RFI}), Sample Clock Frequency Offset ({SCFO}), Square Kilometre Array ({SKA})},
}

@inproceedings{carlson_scfo_2017,
	title = {Signal processing aspects of the sample clock frequency offset scheme for the {SKA1} mid telescope array},
	doi = {10.23919/URSIGASS.2017.8105156},	
	booktitle = {2017 {XXXIInd} {General} {Assembly} and {Scientific} {Symposium} of the {International} {Union} of {Radio} {Science} ({URSI} {GASS})},
	author = {Carlson, B. and Gunaratne, T.},
	month = aug,
	year = {2017},
	keywords = {SCFO scheme, SKA1 mid telescope array, analogue-digital conversion,  clocks, interference suppression, radiofrequency interference, radiotelescopes},
	pages = {1--4},
}

@article{huang2018superconducting,
  title={Superconducting spiral bandpass filter designed by a pseudo-Fourier technique},
  author={Huang, Frederick and Bolli, Pietro and Cresci, Luca and Mariotti, Sergio and Panella, Dario and Lopez-Perez, Jose A and Garcia, Pablo},
  journal={IET Microwaves, Antennas \& Propagation},
  volume={12},
  number={8},
  pages={1293--1301},
  year={2018},
  publisher={Wiley Online Library}
}

@article{garcia2023optimizacion,
  title={Optimizaci{\'o}n de receptores criog{\'e}nicos mediante filtros superconductores para supresi{\'o}n de interferencias y sistema de medida de la fase de la se{\~n}al de referencia},
  author={Garc{\'\i}a Carre{\~n}o, Pablo and others},
  year={2023}
}

@techreport{gbt1,
  title={A Notch Filter for the 7207.5 MHz RadioAstron Tone},
  year={2018},
  institution={GBT Memo 291, National Radio Astronomy Observatory.}
}


@article{santra2024deep,
  title={A Deep uGMRT View of the Ultra-steep Spectrum Radio Halo in A521},
  author={Santra, R and Kale, R and Giacintucci, S and Markevitch, M and De Luca, F and Bourdin, H and Venturi, T and Dallacasa, D and Cassano, R and Brunetti, G and others},
  journal={The Astrophysical Journal},
  volume={962},
  number={1},
  pages={40},
  year={2024},
  publisher={IOP Publishing}
}


@misc{hugo2022tricolouroptimizedsumthresholdflagger,
      title={Tricolour: an optimized SumThreshold flagger for MeerKAT}, 
      author={Benjamin V. Hugo and Simon Perkins and Bruce Merry and Tom Mauch and Oleg M. Smirnov},
      year={2022},
      eprint={2206.09179},
      archivePrefix={arXiv},
      primaryClass={astro-ph.IM},
      url={https://arxiv.org/abs/2206.09179}
}

@inproceedings{buch2019rfic,
  title={RFI excision in radiometers: A radio astronomy perspective},
  author={Buch, Kaushal D},
  booktitle={IGARSS 2019-2019 IEEE International Geoscience and Remote Sensing Symposium},
  pages={4535--4538},
  year={2019},
  organization={IEEE}
}

@article{nita2010statistics,
  title={Statistics of the spectral kurtosis estimator},
  author={Nita, Gelu M and Gary, Dale E},
  journal={Publications of the Astronomical Society of the Pacific},
  volume={122},
  number={891},
  pages={595},
  year={2010},
  publisher={IOP Publishing}
}

@inproceedings{guzman2016status,
  title={Status report of the end-to-end ASKAP software system: towards early science operations},
  author={Guzman, Juan Carlos and Chapman, Jessica and Marquarding, Malte and Whiting, Matthew},
  booktitle={Software and Cyberinfrastructure for Astronomy IV},
  volume={9913},
  pages={400--411},
  year={2016},
  organization={SPIE}
}

@article{luo2018cost,
  title={Cost-efficient scheduling of fast observations},
  author={Luo, Qi and Zhao, Laiping and Yu, Ce and Xiao, Jian and Sun, Jizhou and Zhu, Ming and Zhong, Yi},
  journal={Experimental Astronomy},
  volume={45},
  pages={107--126},
  year={2018},
  publisher={Springer}
}

@article{lopez2021tri,
  title={A tri-band cooled receiver for geodetic VLBI},
  author={L{\'o}pez-P{\'e}rez, Jos{\'e} A and Tercero-Mart{\'\i}nez, F{\'e}lix and Serna-Puente, Jos{\'e} M and Vaquero-Jim{\'e}nez, Beatriz and Patino-Esteban, Mar{\'\i}a and Garc{\'\i}a-Carre{\~n}o, Pablo and Gonz{\'a}lez-Garc{\'\i}a, Javier and Garc{\'\i}a-P{\'e}rez, {\'O}scar and Beltr{\'a}n-Mart{\'\i}nez, Francisco J and Albo-Casta{\~n}o, Carlos and others},
  journal={Sensors},
  volume={21},
  number={8},
  pages={2662},
  year={2021},
  publisher={MDPI}
}

@article{dolch2021deconvolving,
  title={Deconvolving Pulsar Signals with Cyclic Spectroscopy: A Systematic Evaluation},
  author={Dolch, Timothy and Stinebring, Dan R and Jones, Glenn and Zhu, Hengrui and Lynch, Ryan S and Cohen, Tyler and Demorest, Paul B and Lam, Michael T and Levin, Lina and McLaughlin, Maura A and others},
  journal={The Astrophysical Journal},
  volume={913},
  number={2},
  pages={98},
  year={2021},
  publisher={IOP Publishing}
}

@inproceedings{hellbourg2024assessing,
  title={Assessing the RFI environment of the DSA-2000},
  author={Hellbourg, Gregory},
  booktitle={2024 4th URSI Atlantic Radio Science Meeting (AT-RASC)},
  pages={1--4},
  year={2024},
  organization={IEEE}
}

@article{sihlangu2019meerkat,
  title={The MeerKAT Radio Frequency Interference Environment},
  author={Sihlangu, Isaac},
  year={2019}
}

@inproceedings{hellbourg2024flagging,
  title={Flagging strategy for the DSA-2000},
  author={Hellbourg, Gregory},
  booktitle={2024 4th URSI Atlantic Radio Science Meeting (AT-RASC)},
  pages={1--4},
  year={2024},
  organization={IEEE}
}

@article{kumari2024first,
  title={First Systematic Study Reporting the Changes in Eclipse Cutoff Frequency for Pulsar J1544+ 4937},
  author={Kumari, Sangita and Bhattacharyya, Bhaswati and Sharan, Rahul and Kansabanik, Devojyoti and Stappers, Benjamin and Roy, Jayanta},
  journal={The Astrophysical Journal},
  volume={961},
  number={2},
  pages={155},
  year={2024},
  publisher={IOP Publishing}
}

@article{bethapudi2025rotation,
  title={Rotation Measure study of FRB 20180916B with the uGMRT},
  author={Bethapudi, S and Spitler, LG and Li, DZ and Marthi, VR and Bause, M and Main, RA and Wharton, RS},
  journal={Astronomy \& Astrophysics},
  volume={694},
  pages={A75},
  year={2025},
  publisher={EDP Sciences}
}

@article{chatterjee2024new,
  title={A New Enigmatic Radio Relic in the Low-mass Cluster Abell 2108},
  author={Chatterjee, Swarna and Rahaman, Majidul and Datta, Abhirup and Kale, Ruta and Paul, Surajit},
  journal={Monthly Notices of the Royal Astronomical Society},
  volume={527},
  number={4},
  pages={10986--10992},
  year={2024},
  publisher={Oxford University Press}
}

@article{manna2024radio,
  title={Radio Continuum Halos of Seven Nearby Large Galaxies Using uGMRT},
  author={Manna, Souvik and Roy, Subhashis and Baug, Tapas},
  journal={The Astrophysical Journal},
  volume={976},
  number={2},
  pages={216},
  year={2024},
  publisher={IOP Publishing}
}

@article{jozsa2020caracal,
  title={Caracal: Containerized automated radio astronomy calibration pipeline},
  author={J{\'o}zsa, Gyula IG and White, Sarah V and Thorat, Kshitij and Smirnov, Oleg M and Serra, Paolo and Ramatsoku, Mpati and Ramaila, Athanaseus JT and Perkins, Simon J and Moln{\'a}r, D{\'a}niel Cs and Makhathini, Sphesihle and others},
  journal={Astrophysics Source Code Library},
  pages={ascl--2006},
  year={2020}
}