@incollection{price2021spectrometers,
  title={Spectrometers and polyphase filterbanks in radio astronomy},
  author={Price, Danny C},
  booktitle={The WSPC Handbook of Astronomical Instrumentation: Volume 1: Radio Astronomical Instrumentation},
  pages={159--179},
  year={2021},
  publisher={World Scientific}
}

@inproceedings{ford2014rfi,
  title={RFI mitigation techniques in radio astronomy},
  author={Ford, John M and Buch, Kaushal D},
  booktitle={2014 IEEE Geoscience and Remote Sensing Symposium},
  pages={231--234},
  year={2014},
  organization={IEEE}
}

@article{fridman2001rfi,
  title={RFI mitigation methods in radio astronomy},
  author={Fridman, PA and Baan, WA},
  journal={Astronomy \& Astrophysics},
  volume={378},
  number={1},
  pages={327--344},
  year={2001},
  publisher={EDP Sciences}
}

@INPROCEEDINGS{2017pre8.conf..455L,
       author = {{Lamy}, L. and {Zarka}, P. and {Cecconi}, B. and {Klein}, L. and {Masson}, S. and {Denis}, L. and {Coffre}, A. and {Viou}, C.},
        title = "{1977-2017: 40 years of decametric observations of Jupiter and the Sun with the Nancay Decameter Array}",
     keywords = {Radio emissions, Sun, Jupiter, instrumentation, decametric, Nancay, Astrophysics - Solar and Stellar Astrophysics, 85-06},
    booktitle = {Planetary Radio Emissions VIII},
         year = 2017,
       editor = {{Fischer}, G. and {Mann}, G. and {Panchenko}, M. and {Zarka}, P.},
        month = jan,
        pages = {455-466},
          doi = {10.1553/PRE8s455},
archivePrefix = {arXiv},
       eprint = {1709.03821},
 primaryClass = {astro-ph.SR},
       adsurl = {https://ui.adsabs.harvard.edu/abs/2017pre8.conf..455L},
      adsnote = {Provided by the SAO/NASA Astrophysics Data System}
}